% This file was created with Citavi 6.14.0.0

@article{Link.1999,
 author = {Link, S. and Mohamed, M. B. and El-Sayed, M. A.},
 year = {1999},
 title = {{Simulation of the Optical Absorption Spectra of Gold Nanorods as a Function of Their Aspect Ratio and the Effect of the Medium Dielectric Constant}},
 pages = {3073--3077},
 volume = {103},
 number = {16},
 issn = {1520-6106},
 journal = {{The Journal of Physical Chemistry B}},
 doi = {10.1021/jp990183f}
}

@article{Chen.2013,
 author = {Chen, H. and others},
 year = {2013},
 title = {Gold nanorods and their plasmonic properties},
 pages = {2679--2724},
 volume = {42},
 journal = {Chemical Society Reviews},
 doi = {10.1039/C2CS35367A}
}

% This file was created with Citavi 6.14.0.0

@misc{LehrstuhlExperimentalphysikIII.2023,
 author = {{Experimentalphysik III}},
 date = {2023},
 title = {{Versuch Nanoplasmonik: Dunkelfeldspektroskopie von plasmonischen Nanorods}},
 institution = {{Universit√§t Bayreuth}}
}
